01REMESSA01COBRANCA       22590670902801300067IMAGEPRO SISTEMAS E PRODUTOS L033SANTANDER      1005160000000000000000                                                                                                                                                                                                                                                                                   000000001
1020388453200012722590670902801300067                         00000264000000 00000000000000000000    000000501504       10091600000000250000332259401N100516000000000000000001009160000000000000000000000000000000000000000242565922000171FENACOR-FED.N.C.S.P.C.PP.E.C.S.RE       RUA SENADOR DANTAS, 74 / 10o ANDAR      CENTRO      20031180RIO DE JANEIRO RJ                               I25      00 000002
9000003000000002500000000000000000000000000000000000000000000000000000000000000000000000000000000000000000000000000000000000000000000000000000000000000000000000000000000000000000000000000000000000000000000000000000000000000000000000000000000000000000000000000000000000000000000000000000000000000000000000000000000000000000000000000000000000000000000000000000000000000000000000000000000000000000000003
